@article{ward2016dynamic,
    title={Dynamic calibration of agent-based models using data assimilation},
    author={Ward, Jonathan A and Evans, Andrew J and Malleson, Nicolas S},
    journal={Royal Society open science},
    volume={3},
    number={4},
    pages={150703},
    year={2016},
    publisher={The Royal Society}
}

@article{wang2015data,
    title={Data assimilation in agent based simulation of smart environments
    using particle filters},
    author={Wang, Minghao and Hu, Xiaolin},
    journal={Simulation Modelling Practice and Theory},
    volume={56},
    pages={36--54},
    year={2015},
    publisher={Elsevier}
}

