@book{railsback2011agent,
  title={Agent-based and individual-based modeling: a practical introduction},
  author={Railsback, Steven F and Grimm, Volker},
  year={2011},
  publisher={Princeton university press}
}

@book{heppenstall2011agent,
  title={Agent-based models of geographical systems},
  author={Heppenstall, Alison J and Crooks, Andrew T and See, Linda M and Batty, Michael},
  year={2011},
  publisher={Springer Science \& Business Media}
}

@article{macal2010tutorial,
  title={Tutorial on agent-based modelling and simulation},
  author={Macal, Charles M and North, Michael J},
  journal={Journal of simulation},
  volume={4},
  number={3},
  pages={151--162},
  year={2010},
  publisher={Taylor \& Francis}
}

@article{crooks2008key,
  title={Key challenges in agent-based modelling for geo-spatial simulation},
  author={Crooks, Andrew and Castle, Christian and Batty, Michael},
  journal={Computers, Environment and Urban Systems},
  volume={32},
  number={6},
  pages={417--430},
  year={2008},
  publisher={Elsevier}
}

@article{galan2009errors,
  title={Errors and artefacts in agent-based modelling},
  author={Gal{\'a}n, Jos{\'e} Manuel and Izquierdo, Luis R and Izquierdo, Segismundo S and Santos, Jos{\'e} Ignacio and Del Olmo, Ricardo and L{\'o}pez-Paredes, Adolfo and Edmonds, Bruce},
  journal={Journal of Artificial Societies and Social Simulation},
  volume={12},
  number={1},
  pages={1},
  year={2009}
}

@book{luna2012economic,
  title={Economic Simulations in Swarm: Agent-based modelling and object oriented programming},
  author={Luna, Francesco and Stefansson, Benedikt},
  volume={14},
  year={2012},
  publisher={Springer Science \& Business Media}
}

@article{grimm2006standard,
  title={A standard protocol for describing individual-based and agent-based models},
  author={Grimm, Volker and Berger, Uta and Bastiansen, Finn and Eliassen, Sigrunn and Ginot, Vincent and Giske, Jarl and Goss-Custard, John and Grand, Tamara and Heinz, Simone K and Huse, Geir and others},
  journal={Ecological modelling},
  volume={198},
  number={1-2},
  pages={115--126},
  year={2006},
  publisher={Elsevier}
}

@incollection{crooks2012introduction,
  title={Introduction to agent-based modelling},
  author={Crooks, Andrew T and Heppenstall, Alison J},
  booktitle={Agent-based models of geographical systems},
  pages={85--105},
  year={2012},
  publisher={Springer}
}

@article{kerridge2001agent,
  title={Agent-based modelling of pedestrian movements: the questions that need to be asked and answered},
  author={Kerridge, Jon and Hine, Julian and Wigan, Marcus},
  journal={Environment and planning B: Planning and design},
  volume={28},
  number={3},
  pages={327--341},
  year={2001},
  publisher={SAGE Publications Sage UK: London, England}
}

@book{allan2010survey,
  title={Survey of agent based modelling and simulation tools},
  author={Allan, Robert John},
  year={2010},
  publisher={Science \& Technology Facilities Council}
}

@inproceedings{richmond2009high,
  title={A high performance agent based modelling framework on graphics card hardware with CUDA},
  author={Richmond, Paul and Coakley, Simon and Romano, Daniela M},
  booktitle={Proceedings of The 8th International Conference on Autonomous Agents and Multiagent Systems-Volume 2},
  pages={1125--1126},
  year={2009},
  organization={International Foundation for Autonomous Agents and Multiagent Systems}
}

@article{thiele2014facilitating,
  title={Facilitating parameter estimation and sensitivity analysis of agent-based models: A cookbook using NetLogo and R},
  author={Thiele, Jan C and Kurth, Winfried and Grimm, Volker},
  journal={Journal of Artificial Societies and Social Simulation},
  volume={17},
  number={3},
  pages={11},
  year={2014}
}

@article{parry2013bayesian,
  title={A Bayesian sensitivity analysis applied to an Agent-based model of bird population response to landscape change},
  author={Parry, Hazel R and Topping, Christopher J and Kennedy, Marc C and Boatman, Nigel D and Murray, Alistair WA},
  journal={Environmental Modelling \& Software},
  volume={45},
  pages={104--115},
  year={2013},
  publisher={Elsevier}
}

@article{rahmandad2008heterogeneity,
  title={Heterogeneity and network structure in the dynamics of diffusion: Comparing agent-based and differential equation models},
  author={Rahmandad, Hazhir and Sterman, John},
  journal={Management Science},
  volume={54},
  number={5},
  pages={998--1014},
  year={2008},
  publisher={INFORMS}
}

@article{bonabeau2002agent,
  title={Agent-based modeling: Methods and techniques for simulating human systems},
  author={Bonabeau, Eric},
  journal={Proceedings of the National Academy of Sciences},
  volume={99},
  number={suppl 3},
  pages={7280--7287},
  year={2002},
  publisher={National Acad Sciences}
}

@article{ward2016dynamic,
  title={Dynamic calibration of agent-based models using data assimilation},
  author={Ward, Jonathan A and Evans, Andrew J and Malleson, Nicolas S},
  journal={Royal Society open science},
  volume={3},
  number={4},
  pages={150703},
  year={2016},
  publisher={The Royal Society}
}

